
@misc{cite:minist,
    title = "MINIST Database",
    author = "Yann LeCun et. al.",
    howpublished = "\url{http://yann.lecun.com/exdb/mnist/}",
}

@misc{cite:cifar10,
    title = "The CIFAR-10 dataset",
    author = "Alex Krizhevsky et. al.,",
    howpublished = "\url{https://www.cs.toronto.edu/~kriz/cifar.html}",
}

@misc{cite:art,
    title = "Adversarial Robustness Toolbox",
    author = "Beat Buesser et. al.",
    howpublished = "\url{https://github.com/Trusted-AI/adversarial-robustness-toolbox}",
}

@misc{cite:perb_budget,
    title = "Adversarial Training and Robustness for Multiple Perturbations",
    author = "Florian TrameÌ€r, Dan Boneh",
    howpublished = "\url{https://github.com/Trusted-AI/adversarial-robustness-toolbox}",
}


@misc{cite:google_fgsm,
    title = "Adversarial example using FGSM",
    author = "Google",
    howpublished = "\url{https://www.tensorflow.org/tutorials/generative/adversarial_fgsm}",
}