@article{DBLP:journals/corr/NguyenYC14,
  author    = {Anh Mai Nguyen and
               Jason Yosinski and
               Jeff Clune},
  title     = {Deep Neural Networks are Easily Fooled: High Confidence Predictions
               for Unrecognizable Images},
  journal   = {CoRR},
  volume    = {abs/1412.1897},
  year      = {2014},
  url       = {http://arxiv.org/abs/1412.1897},
  archivePrefix = {arXiv},
  eprint    = {1412.1897},
  timestamp = {Mon, 13 Aug 2018 16:48:10 +0200},
  biburl    = {https://dblp.org/rec/journals/corr/NguyenYC14.bib},
  bibsource = {dblp computer science bibliography, https://dblp.org}
}

@inproceedings{DBLP:journals/corr/GoodfellowSS14,
  author    = {Ian J. Goodfellow and
               Jonathon Shlens and
               Christian Szegedy},
  editor    = {Yoshua Bengio and
               Yann LeCun},
  title     = {Explaining and Harnessing Adversarial Examples},
  booktitle = {3rd International Conference on Learning Representations, {ICLR} 2015,
               San Diego, CA, USA, May 7-9, 2015, Conference Track Proceedings},
  year      = {2015},
  url       = {http://arxiv.org/abs/1412.6572},
  timestamp = {Thu, 25 Jul 2019 14:25:38 +0200},
  biburl    = {https://dblp.org/rec/journals/corr/GoodfellowSS14.bib},
  bibsource = {dblp computer science bibliography, https://dblp.org}
}

@inproceedings{DBLP:journals/corr/SzegedyZSBEGF13,
  author    = {Christian Szegedy and
               Wojciech Zaremba and
               Ilya Sutskever and
               Joan Bruna and
               Dumitru Erhan and
               Ian J. Goodfellow and
               Rob Fergus},
  editor    = {Yoshua Bengio and
               Yann LeCun},
  title     = {Intriguing properties of neural networks},
  booktitle = {2nd International Conference on Learning Representations, {ICLR} 2014,
               Banff, AB, Canada, April 14-16, 2014, Conference Track Proceedings},
  year      = {2014},
  url       = {http://arxiv.org/abs/1312.6199},
  timestamp = {Thu, 25 Jul 2019 14:35:25 +0200},
  biburl    = {https://dblp.org/rec/journals/corr/SzegedyZSBEGF13.bib},
  bibsource = {dblp computer science bibliography, https://dblp.org}
}

@inproceedings{DBLP:conf/cvpr/Moosavi-Dezfooli16,
  author    = {Seyed{-}Mohsen Moosavi{-}Dezfooli and
               Alhussein Fawzi and
               Pascal Frossard},
  title     = {DeepFool: {A} Simple and Accurate Method to Fool Deep Neural Networks},
  booktitle = {2016 {IEEE} Conference on Computer Vision and Pattern Recognition,
               {CVPR} 2016, Las Vegas, NV, USA, June 27-30, 2016},
  pages     = {2574--2582},
  publisher = {{IEEE} Computer Society},
  year      = {2016},
  url       = {https://doi.org/10.1109/CVPR.2016.282},
  doi       = {10.1109/CVPR.2016.282},
  timestamp = {Wed, 16 Oct 2019 14:14:50 +0200},
  biburl    = {https://dblp.org/rec/conf/cvpr/Moosavi-Dezfooli16.bib},
  bibsource = {dblp computer science bibliography, https://dblp.org}
}

@article{DBLP:journals/tec/SuVS19,
  author    = {Jiawei Su and
               Danilo Vasconcellos Vargas and
               Kouichi Sakurai},
  title     = {One Pixel Attack for Fooling Deep Neural Networks},
  journal   = {{IEEE} Trans. Evol. Comput.},
  volume    = {23},
  number    = {5},
  pages     = {828--841},
  year      = {2019},
  url       = {https://doi.org/10.1109/TEVC.2019.2890858},
  doi       = {10.1109/TEVC.2019.2890858},
  timestamp = {Tue, 12 May 2020 16:50:53 +0200},
  biburl    = {https://dblp.org/rec/journals/tec/SuVS19.bib},
  bibsource = {dblp computer science bibliography, https://dblp.org}
}

