@misc{moosavidezfooli2016deepfool,
      title={DeepFool: a simple and accurate method to fool deep neural networks}, 
      author={Seyed-Mohsen Moosavi-Dezfooli and Alhussein Fawzi and Pascal Frossard},
      year={2016},
      eprint={1511.04599},
      archivePrefix={arXiv},
      primaryClass={cs.LG}
}