@misc{nguyen2015deep,
      title={Deep Neural Networks are Easily Fooled: High Confidence Predictions for Unrecognizable Images}, 
      author={Anh Nguyen and Jason Yosinski and Jeff Clune},
      year={2015},
      eprint={1412.1897},
      archivePrefix={arXiv},
      primaryClass={cs.CV}
}